@article{BirkhoffAESTHETICMEASURE,
    title = {{AESTHETIC MEASURE}},
    author = {Birkhoff, G D},
    keywords = {aesthetics, math, measure, metrics, music, ratios, vases}
}

@article{CastelfranchiSocialApproach,
    title = {{Social Trust: A Cognitive Approach}},
    author = {Castelfranchi, Cristiano and Falcone, Rino}
}

@article{Chandrasekaran2011ASystems,
    title = {{A model for a testbed for evaluating reputation systems}},
    year = {2011},
    journal = {Proc. 10th IEEE Int. Conf. on Trust, Security and Privacy in Computing and Communications, TrustCom 2011, 8th IEEE Int. Conf. on Embedded Software and Systems, ICESS 2011, 6th Int. Conf. on FCST 2011},
    author = {Chandrasekaran, Partheeban and Esfandiari, Babak},
    pages = {296--303},
    isbn = {9780769546001},
    doi = {10.1109/TrustCom.2011.40},
    keywords = {model, reputation systems, testbed}
}

@article{HubnerFromTrust,
    title = {{From cognitive trust theories to computational trust}},
    author = {H{\"{u}}bner, Jomi F and Lorini, Emiliano and Vercouter, Laurent and Herzig, Andreas}
}

@article{Marsh1994FormalisingConcept,
    title = {{Formalising Trust as a Computational Concept}},
    year = {1994},
    journal = {Computing},
    author = {Marsh, Stephen Paul},
    number = {April},
    pages = {184},
    volume = {Doctor of},
    isbn = {CSM-133},
    doi = {10.2165/00128413-199409230-00010}
}

@inproceedings{Simpson2015FormalisingAnalysis,
    title = {{Formalising responsibility modelling for automatic analysis}},
    year = {2015},
    booktitle = {Lecture Notes in Business Information Processing},
    author = {Simpson, Robbie and Storer, Tim},
    isbn = {9783319246253},
    doi = {10.1007/978-3-319-24626-0{\_}10},
    issn = {18651348}
}

@article{SlavinHOWWORLD,
    title = {{HOW ALGORITHMS SHAPE OUR WORLD}},
    author = {Slavin, Kevin}
}

@article{Sloman1984TheMinds,
    title = {{The Structure of the Space of Possible Minds}},
    year = {1984},
    author = {Sloman, Aaron},
    pages = {35--42}
}

@article{strawson,
	pages = {1--25},
	year = {1962},
	title = {Freedom and Resentment},
	author = {Peter F. Strawson},
	journal = {Proceedings of the British Academy},
	volume = {48}
}
