@article{Wyner2006,
    title = {{A Functional Program for Agents, Actions, and Deontic Speciﬁcations}},
    year = {2006},
    journal = {Proceedings of 4th Int. Workshop on Declarative Agent Languages and Technologies (DALT 2006)},
    author = {Wyner, Adam Zachary},
    url = {http://books.google.com/books?hl=en{\&}lr={\&}id=GjPVZ4fb71kC{\&}oi=fnd{\&}pg=PA239{\&}dq=A+Functional+Program+for+Agents+,+Actions+,+and+Deontic+Specifications{\&}ots=DwCvu8Fhuq{\&}sig=2DR2Q6hhp2o0XieHjQ4mdpdP4OI}
}

@article{Tutorial2007,
    title = {{A KAOS Tutorial}},
    year = {2007},
    journal = {International journal of infectious diseases IJID official publication of the International Society for Infectious Diseases},
    author = {Tutorial, Kaos},
    number = {5},
    pages = {1--46},
    volume = {12},
    url = {http://www.objectiver.com/fileadmin/download/documents/KaosTutorial.pdf},
    doi = {10.1016/j.ijid.2008.03.002},
    issn = {12019712},
    pmid = {18467143}
}

@article{Gabriel1962,
    title = {{A Markov chain model for daily rainfall occurrence at Tel Aviv}},
    year = {1962},
    journal = {Quarterly Journal of the Royal Meteorological Society},
    author = {Gabriel, K R and Neumann, J},
    number = {375},
    pages = {90--95},
    volume = {88},
    url = {http://dx.doi.org/10.1002/qj.49708837511{\textbackslash}nhttp://onlinelibrary.wiley.com/doi/10.1002/qj.49708837511/abstract},
    isbn = {1477-870X},
    doi = {10.1002/qj.49708837511},
    issn = {1477-870X},
    keywords = {CTII:WS1213 chain daily israel jerusalem markov ma}
}

@article{Reissl,
    title = {{A Right to Work – The History , Philosophy and Economics of Full Employment}},
    author = {Reissl, Severin and Rokadiya, Faheem},
    pages = {1--2}
}

@article{Brown2014,
    title = {{A Snap Cookbook: Good and Cheap}},
    year = {2014},
    author = {Brown, Leanne},
    pages = {132}
}

@book{Phillips2013,
    title = {{Android Programming : The Big Nerd Ranch Guide}},
    year = {2013},
    author = {Phillips, Bill and Hardy, Brian},
    isbn = {9780321804334}
}

@book{Bash2015,
    title = {{Association analysis of insulin-like growth factor-1 axis parameters with survival and functional status in nonagenarians of the Leiden Longevity Study}},
    year = {2015},
    booktitle = {Aging},
    author = {van der Spoel, Evie and Rozing, Maarten P. and Houwing-Duistermaat, Jeanine J. and Eline Slagboom, P. and Beekman, Marian and de Craen, Anton J M and Westendorp, Rudi G J and van Heemst, Diana},
    number = {11},
    pages = {956--963},
    volume = {7},
    isbn = {9788578110796},
    doi = {10.1017/CBO9781107415324.004},
    issn = {19454589},
    pmid = {25246403},
    arxivId = {arXiv:1011.1669v3},
    keywords = {Familial longevity, Functional status, Human, IGF-1 axis, Survival}
}

@book{Susman1976,
    title = {{Autonomy at Work: A Sociotechnical Analysis of Participative Management}},
    year = {1976},
    author = {Susman, Gerald I.},
    pages = {230},
    publisher = {Praeger},
    url = {https://books.google.co.uk/books/about/Autonomy{\_}at{\_}Work.html?id=y{\_}qZAAAAIAAJ{\&}pgis=1},
    isbn = {0275561402}
}

@article{Astrachan2003,
    title = {{Bubble sort: an archaeological algorithmic analysis}},
    year = {2003},
    journal = {SIGCSE Bull.},
    author = {Astrachan, Owen},
    pages = {1--5},
    volume = {35},
    url = {http://portal.acm.org/citation.cfm?id=611918},
    isbn = {158113648X},
    doi = {10.1145/792548.611918},
    issn = {0097-8418},
    keywords = {2010 bubblesort geschichte kde seminar}
}

@article{Freer2013,
    title = {{Causal Entropic Forces}},
    year = {2013},
    author = {Freer, C E},
    number = {April},
    pages = {1--5},
    volume = {168702},
    doi = {10.1103/PhysRevLett.110.168702}
}

@article{PENAmericaCenter2013,
    title = {{Chilling Effects:NSA Surveillance Drives U.S. Writers to Self-Censor}},
    year = {2013},
    author = {{PEN America Center}},
    pages = {26},
    url = {http://www.pen.org/chilling-effects}
}

@article{Emerick2012,
    title = {{Clojure Programming}},
    year = {2012},
    author = {Emerick, Chas and Carper, Brian and Grand, Christophe},
    pages = {632},
    url = {http://shop.oreilly.com/product/0636920013754.do{\textbackslash}nhttp://www.clojurebook.com/{\textbackslash}nhttp://pdfbook.co.ke/download.php?title=Clojure Programming{\&}size=9.3MB{\&}bookid=MOBOOK6967{\&}eid=8338},
    isbn = {9781449394707},
    issn = {1537-6613},
    pmid = {23293368}
}

@article{Wallis2015,
    title = {{Code Fuzzing modelling Stresses on Sociotechnical Systems}},
    year = {2015},
    author = {Wallis, William},
    number = {December}
}

@article{Wallis2015b,
    title = {{Code Fuzzing modelling Stresses on Sociotechnical Systems}},
    year = {2015},
    author = {Wallis, William},
    number = {December}
}

@article{Paasivaara2003,
    title = {{Collaboration practices in global inter-organizational software development projects}},
    year = {2003},
    journal = {ACM Computing Surveys},
    author = {Paasivaara, Maria and Lassenius, Casper},
    isbn = {1099-1670},
    doi = {10.1002/spip.187},
    issn = {10774866},
    keywords = {Collaboration practices, Communication, Global software development, Interorganizational software development}
}

@article{An2009,
    title = {{Collaborative social modeling for designing a patient wellness tracking system in a nurse-managed health care center}},
    year = {2009},
    journal = {Proceedings of the 4th  {\ldots}},
    author = {An, Y and Dalrymple, PW and Rogers, M},
    url = {http://dl.acm.org/citation.cfm?id=1555622}
}

@article{Werneck2009,
    title = {{Comparing GORE Frameworks: i-star and KAOS}},
    year = {2009},
    journal = {Wer},
    author = {Werneck, Vera Maria Benjamim and Oliveira, Antonio de Padua Albuquerque and Leite, Julio Cesar Sampaio do Prado},
    pages = {1--12},
    url = {http://wer-papers.googlecode.com/svn-history/r71/trunk/dataset/wer09/WER09{\_}4.pdf},
    isbn = {978-956-319-941-3}
}

@article{Miller1988,
    title = {{CS 736 Fall 1988 Project List}},
    year = {1988},
    journal = {University of Wisconsin},
    author = {Miller, Barton P.},
    url = {http://research.cs.wisc.edu/adsl/Publications/starbox-hotstorage13.pdf}
}

@article{DEPARTAMENTOFDEFENSE1984,
    title = {{Defense System Software Development Dod-Std-2167}},
    year = {1984},
    author = {DEPARTAMENT OF DEFENSE, UNITED STATES OF AMERICA},
    pages = {11}
}

@article{Gourova2014,
    title = {{Design of Knowledge Management Systems}},
    year = {2014},
    journal = {Proceedings of the 8th Nordic Conference on Pattern Languages of Programs (VikingPLoP) - VikingPLoP 2014},
    author = {Gourova, Elissaveta and Toteva, Kostadinka},
    pages = {1--15},
    isbn = {9781450326605},
    doi = {10.1145/2676680.2676685}
}

@article{Crabtree2000,
    title = {{Ethnomethodologically informed ethnography and information system design}},
    year = {2000},
    journal = {Journal of the American Society for Information Science and Technology},
    author = {Crabtree, Andy and Nichols, David M. and O'Brien, Jon and Rouncefield, Mark and Twidale, Michael B.},
    number = {7},
    pages = {666--682},
    volume = {51},
    isbn = {0674948386},
    doi = {10.1002/(SICI)1097-4571(2000)51:7<666::AID-ASI8>3.0.CO;2-5},
    issn = {15322882}
}

@article{Crabtree2000b,
    title = {{Ethnomethodologically informed ethnography and information system design}},
    year = {2011},
    journal = {Journal of the American Society for Information Science and Technology},
    author = {Crabtree, Andy and Nichols, David M. and O'Brien, Jon and Rouncefield, Mark and Twidale, Michael B. and Baxter, Gordon and Sommerville, Ian},
    number = {7},
    pages = {666--682},
    volume = {23},
    publisher = {Elsevier B.V.},
    url = {http://dx.doi.org/10.1016/j.intcom.2010.07.003},
    isbn = {0674948386},
    doi = {10.1002/(SICI)1097-4571(2000)51:7<666::AID-ASI8>3.0.CO;2-5},
    issn = {09535438},
    keywords = {Socio-technical systems, software engineering, systems engineering}
}

@article{DeVries2016,
    title = {{Evaluating e-voting: theory and practice}},
    year = {2016},
    author = {De Vries, Manon and Bokslag, Wouter},
    arxivId = {arXiv:1602.02509v1}
}

@article{Lyytinen2008,
    title = {{Explaining information systems change: a punctuated socio-technical change model}},
    year = {2008},
    journal = {European Journal of Information Systems},
    author = {Lyytinen, Kalle and Newman, Mike},
    number = {6},
    month = {12},
    pages = {589--613},
    volume = {17},
    publisher = {Nature Publishing Group},
    url = {http://www.palgrave-journals.com/ejis/journal/v17/n6/abs/ejis200850a.html},
    doi = {10.1057/ejis.2008.50},
    issn = {0960-085X},
    language = {en}
}

@article{ZStandardsPanel2000,
    title = {{Formal Specification - Z Notation - Syntax , Type and Semantics}},
    year = {2000},
    author = {{Z Standards Panel} and Draft, Consensus Working},
    pages = {183},
    volume = {19},
    url = {http://www.open-std.org/jtc1/sc22/open/n3187.pdf}
}

@article{Way2016,
    title = {{Gender, Productivity, and Prestige in Computer Science Faculty Hiring Networks}},
    year = {2016},
    author = {Way, Samuel F. and Larremore, Daniel B. and Clauset, Aaron},
    arxivId = {1602.00795}
}

@inproceedings{Darimont1998,
    title = {{GRAIL/KAOS: an environment for goal driven requirements engineering}},
    year = {1998},
    booktitle = {Proceedings of the 20th International Conference on Software Engineering ICSE98},
    author = {Darimont, Robert and Delor, Emmanuelle and Massonet, Philippe and Lamsweerde, Alex Van},
    pages = {612--613},
    url = {http://ieeexplore.ieee.org/lpdocs/epic03/wrapper.htm?arnumber=566851}
}

@article{Babai2015,
    title = {{Graph Isomorphism in Quasiolynomial Time}},
    year = {2015},
    author = {Babai, Laszlo},
    pages = {1--84},
    volume = {7443327},
    url = {http://people.cs.uchicago.edu/{\~{}}laci/quasipoly.html},
    arxivId = {1512.03547}
}

@article{Kashy2002,
    title = {{Habits in Everyday Life: Thought, Emotion, and Action}},
    year = {2002},
    journal = { American Psychological Association},
    author = {Kashy, Deborah and Wood, Wendy and Quinn, Jeffery},
    number = {6},
    pages = {1281–1297},
    volume = {83}
}

@article{Lally2010,
    title = {{How are habits formed: Modelling habit formation in the real world}},
    year = {2010},
    journal = {European Journal of Social Psychology Eur.},
    author = {Lally, Phillippa and Van Jaarsveld, Cornelia H. M. and Potts, Henry W. W. and Wardle, Jane},
    number = {July 2009},
    pages = {998–1009},
    volume = {40},
    isbn = {0022-1031},
    doi = {10.1002/ejsp},
    issn = {00224537},
    pmid = {18179320},
    arxivId = {1311.3475}
}

@article{Azzopardi2016a,
    title = {{How To Tango With Django 1.7 — How to Tango with Django 1.7}},
    year = {2016},
    author = {Azzopardi, Leif and Maxwell, David},
    url = {http://www.tangowithdjango.com/book17/index.html}
}

@article{Vanclay2012,
    title = {{Impact factor: Outdated artefact or stepping-stone to journal certification?}},
    year = {2012},
    journal = {Scientometrics},
    author = {Vanclay, Jerome K.},
    isbn = {0138-9130},
    doi = {10.1007/s11192-011-0561-0},
    issn = {01389130},
    arxivId = {1201.3076},
    keywords = {Certification, ISI, JCR, Journal impact factor, Quality control, Thomson Reuters}
}

@article{VanDiggelen2010a,
    title = {{Implementing collective obligations in human-agent teams using KAoS policies}},
    year = {2010},
    journal = {Lecture Notes in Computer Science (including subseries Lecture Notes in Artificial Intelligence and Lecture Notes in Bioinformatics)},
    author = {Van Diggelen, Jurriaan and Bradshaw, Jeffrey M. and Johnson, Matthew and Uszok, Andrzej and Feltovich, Paul J.},
    number = {M4D},
    pages = {36--52},
    volume = {6069 LNAI},
    isbn = {3642149618},
    doi = {10.1007/978-3-642-14962-7{\_}3},
    issn = {03029743},
    keywords = {Collective obligations, Human-agent teams, Policies}
}

@article{Walck2014,
    title = {{Learn Physics by Programming in Haskell}},
    year = {2014},
    journal = {Electronic Proceedings in Theoretical Computer Science},
    author = {Walck, Scott N.},
    number = {Tfpie},
    pages = {67--77},
    volume = {170},
    url = {http://arxiv.org/abs/1412.4880v1},
    doi = {10.4204/EPTCS.170.5},
    issn = {2075-2180}
}

@book{Lipova2011,
    title = {{Learn You a Haskell for Great Good!}},
    year = {2011},
    booktitle = {Thinking},
    author = {Lipova, Miran},
    number = {1},
    pages = {400},
    volume = {51},
    url = {http://learnyouahaskell.com/},
    isbn = {9781593272838}
}

@book{Hutchison2006,
    title = {{Lecture Notes in Computer Science}},
    year = {2006},
    author = {Hutchison, David and Mitchell, John C},
    pages = {123--132},
    isbn = {9783540342915},
    doi = {10.1007/3-540-68339-9{\_}34},
    issn = {0302-9743},
    pmid = {4520227},
    arxivId = {9780201398298}
}

@article{Tiu2005,
    title = {{Model checking for pi-calculus using proof search}},
    year = {2005},
    journal = {Lecture notes in computer science},
    author = {Tiu, A.},
    pages = {36},
    volume = {3653},
    url = {http://www.springerlink.com/index/98291nbtf19ytxdp.pdf},
    isbn = {3-540-28309-9}
}

@techreport{Ritchey2011,
    title = {{Modelling Complex Socio-Technical Systems Using Morphological Analysis Adapted from an address to the Swedish Parliamentary IT}},
    year = {2011},
    author = {Ritchey, T}
}

@book{TerHofstede2010,
    title = {{Modern business process automation: YAWL and its support environment}},
    year = {2010},
    booktitle = {Modern Business Process Automation: YAWL and its Support Environment},
    author = {Ter Hofstede, Arthur H M and Van Der Aalst, Wil M P and Adams, Michael and Russell, Nick},
    number = {11},
    pages = {1--676},
    volume = {7},
    isbn = {9783642031205},
    doi = {10.1017/CBO9781107415324.004},
    issn = {19454589},
    pmid = {25246403},
    arxivId = {arXiv:1011.1669v3},
    keywords = {Familial longevity, Functional status, Human, IGF-1 axis, Survival}
}

@book{Fallis2013,
    title = {{No Title}}
}

@article{Fallis2013a,
    title = {{No Title No Title}},
    year = {2013},
    journal = {Journal of Chemical Information and Modeling},
    author = {Fallis, A.G},
    number = {9},
    pages = {1689--1699},
    volume = {53},
    isbn = {9788578110796},
    doi = {10.1017/CBO9781107415324.004},
    issn = {1098-6596},
    pmid = {25246403},
    arxivId = {arXiv:1011.1669v3},
    keywords = {icle}
}

@article{Fallis2013b,
    title = {{No Title No Title}},
    year = {2013},
    journal = {Journal of Chemical Information and Modeling},
    author = {Fallis, A.G},
    number = {9},
    pages = {1689--1699},
    volume = {53},
    isbn = {9788578110796},
    doi = {10.1017/CBO9781107415324.004},
    issn = {1098-6596},
    pmid = {25246403},
    arxivId = {arXiv:1011.1669v3},
    keywords = {icle}
}

@article{Omg2010,
    title = {{OMG Unified Modeling Language TM ( OMG UML ), Superstructure v.2.3}},
    year = {2010},
    journal = {InformatikSpektrum},
    author = {{Omg}},
    number = {May},
    pages = {758},
    volume = {21},
    url = {http://www.omg.org/spec/UML/2.3/},
    isbn = {formal/2010-05-03},
    doi = {10.1007/s002870050092},
    issn = {08950695},
    pmid = {10834647}
}

@article{Turing1937,
    title = {{On Computable Numbers, with an Application to the Entscheidungsproblem - A Correction}},
    year = {1937},
    journal = {Proceedings of the London Mathematical Society},
    author = {Turing, Alan},
    isbn = {9780123869807},
    doi = {10.1016/B978-0-12-386980-7.50002-2},
    issn = {00664138},
    pmid = {25246403},
    arxivId = {arXiv:1011.1669v3}
}

@article{Sneps-Sneppe,
    title = {{On Physical Web models}},
    author = {Sneps-Sneppe, Manfred and Namiot, Dmitry},
    keywords = {Bluetooth, Physical Web, Wi-Fi, —network proximity}
}

@article{Accompany,
    title = {{Operating System Concepts Seventh Edition}},
    journal = {System},
    author = {Accompany, T O}
}

@unpublished{Wallis2015a,
    title = {{Paper games and their educational potential}},
    year = {2015},
    author = {Wallis, Tom},
    pages = {1--2}
}

@article{Chen2011,
    title = {{Petri net modeling of cyber-physical attacks on smart grid}},
    year = {2011},
    journal = {IEEE Transactions on Smart Grid},
    author = {Chen, Thomas M. and Sanchez-Aarnoutse, Juan Carlos and Buford, John},
    number = {4},
    pages = {741--749},
    volume = {2},
    isbn = {1949-3053},
    doi = {10.1109/TSG.2011.2160000},
    issn = {19493053},
    keywords = {Coordinated attack, Petri net, cyber-physical systems, smart grid}
}

@article{McCarthy1963,
    title = {{Programs with common sense}},
    year = {1963},
    journal = {Proceedings of the Symposium on the Mechanization of Thought Processes},
    author = {McCarthy, J},
    pages = {1--15},
    url = {http://www-formal.stanford.edu/jmc/mcc59.ps{\textbackslash}nhttp://aitopics.org/sites/default/files/classic/TeddingtonConference/Teddington-1.3-McCarthy.pdf},
    doi = {10.1.1.11.9028}
}

@article{Royden2005,
    title = {{Real Analysis}},
    year = {2005},
    author = {Royden, H L}
}

@article{Spinellis2003,
    title = {{Reflections on trusting trust revisited}},
    year = {2003},
    journal = {Communications of the ACM},
    author = {Spinellis, Diomidis},
    number = {6},
    pages = {112},
    volume = {46},
    isbn = {1581134118},
    doi = {10.1145/777313.777347},
    issn = {00010782},
    arxivId = {20}
}

@article{Almisned2010,
    title = {{Requirements Analysis: Evaluating KAOS Models}},
    year = {2010},
    journal = {Journal of Software Engineering and Applications},
    author = {Almisned, Faisal and Keppens, Jeroen},
    number = {09},
    pages = {869--874},
    volume = {03},
    doi = {10.4236/jsea.2010.39101},
    issn = {1945-3116},
    keywords = {bayesian networks, kaos, requirements evaluation, s chart, wigmore}
}

@article{Storer2010,
    title = {{Responsibility modelling for risk analysis}},
    year = {2009},
    author = {Lock, R. and Storer, T. and Sommerville, I.},
    number = {September 2009},
    url = {http://eprints.gla.ac.uk/71594/},
    isbn = {9780415555098}
}

@article{Degrazia2009,
    title = {{Self-awareness in animals}},
    year = {2009},
    journal = {The philosophy of animal minds},
    author = {Degrazia, David},
    pages = {201--217}
}

@misc{shawnblanc_net,
    title = {{Shawn Blanc}},
    year = {2016},
    booktitle = {Shawn Blanc},
    author = {Blanc, Shawn},
    url = {http://shawnblanc.net/}
}

@article{Yu2009,
    title = {{Social modeling and i*}},
    year = {2009},
    journal = {Lecture Notes in Computer Science (including subseries Lecture Notes in Artificial Intelligence and Lecture Notes in Bioinformatics)},
    author = {Yu, Eric S.},
    number = {c},
    pages = {99--121},
    volume = {5600 LNCS},
    isbn = {3642024629},
    doi = {10.1007/978-3-642-02463-4{\_}7},
    issn = {03029743}
}

@article{Simpson2011,
    title = {{Socio-Technical Modelling Techniques : A Case-Study Comparison}},
    year = {2011},
    author = {Simpson, Robbie and Storer, Tim},
    keywords = {case studies, modelling, requirements engineering, socio-technical, systems engineering}
}

@article{Fischer,
    title = {{Socio-Technical Systems: A Meta-Design Perspective}},
    author = {Fischer, Gerhard and Herrmann, Thomas},
    keywords = {A Meta-Design Perspective, Collaboratory, Envisionment and Discovery Collaboratory, SeeMe, adaptation, contingency, cultures of participation, evolutionary growth, facilitation, knowledge management, meta-design, participatory design, reseeding model, seeding, semi-structured modelling, socio-technical diagrams, socio-technical systems (STS), underdesign, vagueness}
}

@article{Baxter2011,
    title = {{Socio-technical systems: From design methods to systems engineering}},
    year = {2011},
    journal = {Interacting with Computers},
    author = {Baxter, Gordon and Sommerville, Ian},
    number = {1},
    pages = {4--17},
    volume = {23},
    publisher = {Elsevier B.V.},
    url = {http://dx.doi.org/10.1016/j.intcom.2010.07.003},
    isbn = {0953-5438},
    doi = {10.1016/j.intcom.2010.07.003},
    issn = {09535438},
    keywords = {Socio-technical systems, software engineering, systems engineering}
}

@book{Hutchison2008,
    title = {{Software-Intensive Systems and New Computing Paradigms. Challenges and Visions}},
    year = {2008},
    author = {Hutchison, David and Mitchell, John C},
    pages = {X, 266},
    volume = {5380},
    url = {http://link.springer.com/10.1007/978-3-540-89437-7{\textbackslash}nhttp://www.springer.com/978-3-540-89436-0},
    isbn = {978-3-540-89436-0, 978-3-540-89437-7},
    doi = {10.1007/978-3-540-89437-7},
    issn = {0302-9743}
}

@book{Guide2015,
    title = {{The Alternative Guide to Postgraduate Licensed to University of Birmingham}},
    year = {2015},
    author = {Guide, The Alternative}
}

@article{Brennan2007,
    title = {{The biggest computer programme in the world ever! How's it going?}},
    year = {2007},
    journal = {Journal of Information Technology},
    author = {Brennan, Sean},
    number = {3},
    pages = {202--211},
    volume = {22},
    isbn = {0268-3962},
    doi = {10.1057/palgrave.jit.2000104},
    issn = {02683962},
    keywords = {Clinical IT, Connecting for Health, Health informatics, NHS IT project, NPfIT}
}

@book{Beeton1861,
    title = {{The Book of Household Management}},
    year = {1861},
    author = {Beeton, Isabella},
    pages = {1--401},
    issn = {0959-8138}
}

@article{DeMott2006,
    title = {{The Evolving Art of Fuzzing}},
    year = {2006},
    journal = {Def Con 14},
    author = {DeMott, Jared D.},
    pages = {1--25},
    url = {http://vdalabs.com/tools/The{\_}Evolving{\_}Art{\_}of{\_}Fuzzing.pdf},
    issn = {1071-2984}
}

@article{Malone1994,
    title = {{The Interdisciplinary Study of Coordination}},
    year = {1994},
    journal = {ACM Computing Surveys},
    author = {Malone, Thomas W and Crowston, Kevin},
    keywords = {1211 [Artificial Intelligence], C0 [Computer Systems Organization], C24 [ Computer-Communication Networks], Categories and Subject Descriptors, Communications Applications, Computer-supported cooperative work, D41 [Operating Systems], D42 [Operating Systems], Design, Distributed Systems, Economics, General -System Architectures, Group and Organization Interfaces, H41 [Information Systems Application], H43 [Information Systems Applications], H53 [Information Interfaces and Presentation], Hll [Models and Principles], Human Factors, K43 [Computers and Society], Management, Office Automation, Organizational Impacts General Terms, Process Management, Storage Management, System and Information Theory, Theory Additional Key Words and Phrases, coordination, coordination science, coordination theory, groupware}
}

@misc{Meyer1994,
    title = {{The Paradoxes of Deontic Logic Revisited: A Computer Science Perspective}},
    year = {1994},
    author = {Meyer, J.-J. Ch. and Dignum, F.P.M. and Wieringa, R.J.}
}

@article{Eden2016,
    title = {{THE SINGULARITY CONTROVERSY Lessons Learned and Open Questions: Conclusions from the Battle on the Legitimacy of the Debate}},
    year = {2016},
    author = {Eden, Amnon H},
    doi = {10.13140/RG.2.1.3416.6809},
    arxivId = {arXiv:1601.05977}
}

@article{Fass2016,
    title = {{Towards a theory for Bio−Cyber Physical Systems Modelling}},
    year = {2016},
    journal = {ArXiv},
    author = {Fass, Didier and Gechter, Franck},
    arxivId = {1601.06962},
    keywords = {Bio-CPS, human system integration}
}

@book{Gogolla2001,
    title = {{UML 2001 -- The Unified Modelling Language}},
    year = {2001},
    author = {Gogolla, Martin and Kobryn, Cris},
    pages = {1--523},
    url = {http://download.springer.com/static/pdf/748/bok{\%}253A978-3-540-45441-0.pdf?originUrl=http{\%}3A{\%}2F{\%}2Flink.springer.com{\%}2Fbook{\%}2F10.1007{\%}2F3-540-45441-1{\&}token2=exp=1458602790{\~{}}acl={\%}2Fstatic{\%}2Fpdf{\%}2F748{\%}2Fbok{\%}25253A978-3-540-45441-0.pdf{\%}3ForiginUrl{\%}3Dhttp{\%}253A{\%}2}
}

@article{Grote2004,
    title = {{Uncertainty management at the core of system design}},
    year = {2004},
    journal = {Annual Reviews in Control},
    author = {Grote, Gudela},
    number = {2},
    pages = {267--274},
    volume = {28},
    doi = {10.1016/j.arcontrol.2004.03.001},
    issn = {13675788},
    keywords = {Automation, Function allocation, Safety management, Socio-technical system design, Uncertainty}
}

@article{VanderHulst1993,
    title = {{Units in the Analysis of Signs}},
    year = {1993},
    journal = {Phonology},
    author = {van der Hulst, Harry},
    number = {2},
    pages = {209--241},
    volume = {10},
    doi = {10.1017/S095267570000004X},
    issn = {0952-6757; 1469-8188 (electronic)}
}

@article{Herrmann1999,
    title = {{Vagueness in models of socio-technical systems}},
    year = {1999},
    journal = {Behaviour {\&} Information Technology},
    author = {Herrmann, Thomas and Loser, Kai-Uwe},
    number = {5},
    pages = {313--323},
    volume = {18},
    doi = {10.1080/014492999118904},
    issn = {0144-929X},
    keywords = {ImTeMa}
}

@article{Drepper2007,
    title = {{What every programmer should know about memory}},
    year = {2007},
    journal = {Red Hat, Inc},
    author = {Drepper, Ulrich},
    pages = {114},
    volume = {3},
    url = {http://citeseerx.ist.psu.edu/viewdoc/download?doi=10.1.1.91.957{\&}amp;rep=rep1{\&}amp;type=pdf{\textbackslash}nhttp://diyhpl.us/{\~{}}bryan/papers2/distributed/distributed-systems/what-every-programmer-should-know-about-memory.2007.pdf},
    doi = {10.1.1.91.957},
    issn = {0361526X},
    pmid = {11807537}
}

@article{Cheeseman1991,
    title = {{Where the Really Hard Problems Are}},
    year = {1991},
    journal = {The 12nd International Joint Conference on Artificial Intelligence},
    author = {Cheeseman, Peter and Kanefsky, Bob and Taylor, William M},
    pages = {331--337},
    isbn = {1-55860-160-0},
    doi = {10.1.1.97.3555},
    issn = {1045-0823}
}

@article{Aalst2004,
    title = {{Why workflow is NOT just a Pi-process}},
    year = {2004},
    journal = {BPTrends},
    author = {Aalst, Wil M P Van Der},
    pages = {1--2}
}

@article{WhyTheLuckyStiff2007,
    title = {{Why's (Poignant) Guide to Ruby}},
    year = {2007},
    author = {{Why The Lucky Stiff}},
    pages = {176},
    isbn = {B00262VWT8}
}

@article{Smith2003,
    title = {{Workflow is just a Pi process}},
    year = {2003},
    journal = {BPTrends},
    author = {Smith, Howard and Fingar, Peter},
    pages = {28}
}

@article{Aalst2002,
    title = {{YAWL: Yet Another Workflow Language}},
    year = {2002},
    journal = {QUT Technical report},
    author = {Aalst, W M P van der and Hofstede, A H M ter}
}

@article{Greene1990,
    title = {{{\{}{\textbackslash}BaSiX: An interpreter written in {\{}{\textbackslash}TeX{\}}{\}}}},
    year = {1990},
    journal = {TUGboat},
    author = {Greene, Andrew Marc},
    number = {3},
    pages = {381--392},
    volume = {11},
    issn = {0896-3207}
}

@article{Krawczyk2015PiracySo,
    title = {{"Piracy is not theft!" Is it just students who think so?}},
    year = {2015},
    journal = { Journal of Behavioral and Experimental Economics },
    author = {Krawczyk, Micha?? and Tyrowicz, Joanna and Kukla-Gryz, Anna and Hardy, Wojciech},
    pages = {32--39},
    volume = {54},
    isbn = {2214-8043},
    doi = {10.1016/j.socec.2014.11.003},
    issn = {22148051},
    keywords = {Digital piracy, Downloading behavior, Illegal download, Illegal downloading, P2P network}
}

@article{1512.01725v3,
    title = {{1512.01725v3}}
}

@article{1602.07032v2,
    title = {{1602.07032v2}}
}

@article{1604.04167v1,
    title = {{1604.04167v1}}
}

@article{1605.08143v1,
    title = {{1605.08143v1}}
}

@article{1606.00878v1,
    title = {{1606.00878v1}}
}

@article{20141203LivestockClimateChangeForgottenSectorBaileyFroggattWellesleyFinal,
    title = {{20141203LivestockClimateChangeForgottenSectorBaileyFroggattWellesleyFinal}}
}

@article{Brideau2014AFont,
    title = {{A Brief Introduction to Impact: 'The Meme Font'}},
    year = {2014},
    journal = {Journal of Visual Culture},
    author = {Brideau, K. and Berret, C.},
    isbn = {1470412914544},
    doi = {10.1177/1470412914544515},
    issn = {1470-4129}
}

@article{Herzig2009AReputation,
    title = {{A logic of trust and reputation}},
    year = {2009},
    journal = {Logic Journal of the IGPL},
    author = {Herzig, Andreas and Lorini, Emiliano and H{\"{u}}bner, Jomi F. and Vercouter, Laurent},
    isbn = {13670751},
    doi = {10.1093/jigpal/jzp077},
    issn = {13670751},
    keywords = {BDI logic, Belief, Goal, Group belief, Reputation, Trust}
}

@article{Chandrasekaran2011ASystems,
    title = {{A model for a testbed for evaluating reputation systems}},
    year = {2011},
    journal = {Proc. 10th IEEE Int. Conf. on Trust, Security and Privacy in Computing and Communications, TrustCom 2011, 8th IEEE Int. Conf. on Embedded Software and Systems, ICESS 2011, 6th Int. Conf. on FCST 2011},
    author = {Chandrasekaran, Partheeban and Esfandiari, Babak},
    pages = {296--303},
    isbn = {9780769546001},
    doi = {10.1109/TrustCom.2011.40},
    keywords = {model, reputation systems, testbed}
}

@article{Bonini2005APhilosophy,
    title = {{A Model of Trust in the Work of an Air Traffic Controller A thesis submitted to the University of Dublin , Trinity College , for the degree of Doctor in Philosophy}},
    year = {2005},
    journal = {Library},
    author = {Bonini, Deirdre}
}

@article{Bonini2005APhilosophyb,
    title = {{A Model of Trust in the Work of an Air Traffic Controller A thesis submitted to the University of Dublin , Trinity College , for the degree of Doctor in Philosophy}},
    year = {2005},
    journal = {Library},
    author = {Bonini, Deirdre}
}

@book{Alexander1977ALanguage,
    title = {{A Pattern Language}},
    year = {1977},
    author = {Alexander, Christopher and Ishikawa, Sara and Silverstein, Murray and Jacobson, Max and Fiksfahl-King, Ingrid and Angel, Shlomo},
    publisher = {Oxford University Press},
    address = {New York},
    isbn = {978-0-19-501919-3}
}

@article{Lu2009ASystems,
    title = {{A Review on Computational Trust Models for Multi-agent Systems}},
    year = {2009},
    journal = {The Open Information Science Journal},
    author = {Lu, Gehao and Lu, Joan and Yao, Shaowen and Yip, Jim},
    pages = {18--25},
    volume = {2}
}

@article{Dweck1988APersonality,
    title = {{A social-cognitive approach to motivation and personality}},
    year = {1988},
    journal = {Psychological Review},
    author = {Dweck, Carol and Leggett, Ellen},
    number = {2},
    pages = {256--273},
    volume = {95}
}

@article{GoelAStack,
    title = {{A Wait-Free Stack}},
    author = {Goel, Seep and Aggarwal, Pooja and Sarangi, Smruti R}
}

@article{NithyanandAdblockingRace,
    title = {{Adblocking and Counter-Blocking: A Slice of the Arms Race}},
    author = {Nithyanand, Rishab and Khattak, Sheharbano and Javed, Mobin and Vallina-Rodriguez, Narseo and Falahrastegar, Marjan and Powles, Julia E and De Cristofaro, Emiliano and Haddadi, Hamed and Murdoch, Steven J}
}

@article{Navarro2014AddictedPiracy,
    title = {{Addicted to pillaging in cyberspace: Investigating the role of internet addiction in digital piracy}},
    year = {2014},
    journal = {Computers in Human Behavior},
    author = {Navarro, Jordana N. and Marcum, Catherine D. and Higgins, George E. and Ricketts, Melissa L.},
    pages = {101--106},
    volume = {37},
    publisher = {Elsevier Ltd},
    url = {http://dx.doi.org/10.1016/j.chb.2014.04.012},
    isbn = {0747-5632},
    doi = {10.1016/j.chb.2014.04.012},
    issn = {07475632},
    keywords = {Cybercrime, Digital piracy, Internet}
}

@article{Urbano2014AnTrust,
    title = {{An approach to computational social trust}},
    year = {2014},
    author = {Urbano, Joana and Rocha, Ana Paula and Oliveira, Eugénio},
    pages = {113--131},
    volume = {27},
    doi = {10.3233/AIC-130587},
    keywords = {agent-based systems, computational trust, social trust}
}

@book{Nelson1982AnChange,
    title = {{An Evolutionary Theory of Economic Change}},
    year = {1982},
    author = {Nelson, Richard R and Winter, Sidney G},
    pages = {Harvard University Press},
    isbn = {0-674-27228-5}
}

@article{Knutson2001AnticipationAccumbens,
    title = {{Anticipation of Increasing Monetary Reward Selectively Recruits Nucleus Accumbens}},
    year = {2001},
    author = {Knutson, Brian and Adams, Charles M and Fong, Grace W and Hommer, Daniel},
    pages = {1--5},
    volume = {21},
    keywords = {anticipa-, caudate, nucleus accumbens, reward}
}

@article{WieringaJ-JChMeyerApplicationsOverview,
    title = {{Applications of Deontic Logic in Computer Science: A Concise Overview}},
    author = {Wieringa J-JCh Meyer, RJ}
}

@book{MmingArtPRogramming,
    title = {{Art of R PRogramming}},
    author = {Mming, Progr A},
    isbn = {9781593273842}
}

@book{Wikibooks2016ArtificialEnvironments,
    title = {{Artificial Intelligence / AI Agents and their Environments}},
    year = {2016},
    author = {{Wikibooks}},
    pages = {1--3},
    url = {https://en.wikibooks.org/wiki/Artificial{\_}Intelligence/AI{\_}Agents{\_}and{\_}their{\_}Environments}
}

@inproceedings{Irwin2008AssigningObligations,
    title = {{Assigning responsibility for failed obligations}},
    year = {2008},
    booktitle = {IFIP International Federation for Information Processing},
    author = {Irwin, Keith and Yu, Ting and Winsborough, William H.},
    isbn = {9780387094274},
    doi = {10.1007/978-0-387-09428-1{\_}21},
    issn = {15715736}
}

@article{AuditingPreconference,
    title = {{Auditing Algorithms -- Sandvig -- ICA 2014 Data and Discrimination Preconference}}
}

@book{Sweigart2015AutomatePython,
    title = {{Automate the boring stuff with Python}},
    year = {2015},
    author = {Sweigart, A L},
    isbn = {9781593275990}
}

@article{Cosmides1994BeyondScience,
    title = {{Beyond intuition and instinct blindness: toward an evolutionarily rigorous cognitive science}},
    year = {1994},
    journal = {Cognition},
    author = {Cosmides, Leda and Tooby, John},
    pages = {41--77},
    volume = {50}
}

@article{Palit2012CanData,
    title = {{Can a Zero-Intelligence Plus Model Explain the Stylized Facts of Financial Time Series Data?}},
    year = {2012},
    journal = {Proceedings of the 11th International Conference on Autonomous Agents and Multiagent Systems (AAMAS 2012)},
    author = {Palit, Imon and Phelps, Steve and Ng, Wing Lon},
    pages = {653--660}
}

@article{BarrenoCanSecure,
    title = {{Can Machine Learning Be Secure?}},
    author = {Barreno, Marco and Nelson, Blaine and Sears, Russell and Joseph, Anthony D and Tygar, J D},
    keywords = {Computer Networks, Computer Secu-rity, Game Theory, I51 [Models], Intrusion Detection, Invasive software (eg, Machine Learning, Security Metrics, Spam Filters, Statistical, Statistical Learning, Trojan horses), viruses, worms}
}

@book{Higginbotham2015ClojureTrue,
    title = {{Clojure for the Brave and True}},
    year = {2015},
    author = {Higginbotham, Daniel},
    pages = {329},
    isbn = {9781593275914}
}

@article{Balazs2011Coda:Piracy,
    title = {{Coda: A Short History of Book Piracy}},
    year = {2011},
    journal = {Media piracy in emerging economies},
    author = {Balazs, Bodo},
    pages = {1--440},
    url = {http://bibliotecadigital.fgv.br/dspace/handle/10438/8526},
    isbn = {9780984125746}
}

@article{BurnettCommunity-of-InterestTrading,
    title = {{Community-of-Interest predicated Program Trading}},
    author = {Burnett, Graeme}
}

@misc{Goldstone2005ComputationalBehavior,
    title = {{Computational models of collective behavior}},
    year = {2005},
    booktitle = {Trends in Cognitive Sciences},
    author = {Goldstone, Robert L. and Janssen, Marco A.},
    isbn = {1364-6613},
    doi = {10.1016/j.tics.2005.07.009},
    issn = {13646613},
    pmid = {16085450}
}

@article{ComputationalLearning,
    title = {{Computational Trust Models and Machine Learning}}
}

@article{Kee1970ConceptualSuspicion,
    title = {{Conceptual and Methodological Considerations in the Study of Trust and Suspicion}},
    year = {1970},
    journal = {Source: The Journal of Conflict Resolution},
    author = {Kee, Herbert W and Knox, Robert E},
    number = {3},
    pages = {357--366},
    volume = {14},
    url = {http://www.jstor.org/stable/173516 http://about.jstor.org/terms}
}

@book{BarskiConradM.D.,
    title = {{Conrad Barski, M.D.}},
    author = {Barski, Conrad},
    isbn = {9781593272814}
}

@article{Roscoe2010CSP,
    title = {{CSP is expressive enough for {$\pi$}}},
    year = {2010},
    journal = {Reflections on the Work of CAR Hoare},
    author = {Roscoe, A W},
    pages = {371--404}
}

@article{Jacobs2012DigitalTheory,
    title = {{Digital movie piracy: A perspective on downloading behavior through social cognitive theory}},
    year = {2012},
    journal = {Computers in Human Behavior},
    author = {Jacobs, Ruud S. and Heuvelman, Ard and Tan, Maurice and Peters, Oscar},
    number = {3},
    pages = {958--967},
    volume = {28},
    publisher = {Elsevier Ltd},
    url = {http://dx.doi.org/10.1016/j.chb.2011.12.017},
    isbn = {0747-5632},
    doi = {10.1016/j.chb.2011.12.017},
    issn = {07475632},
    keywords = {Digital piracy, Movie downloading, Social cognitive theory, Structural equation modeling}
}

@article{Aguiar2014DigitalData,
    title = {{Digital music consumption on the Internet: Evidence from clickstream data}},
    year = {2014},
    journal = {Information Economics and Policy},
    author = {Aguiar, Luis and Martens, Bertin},
    pages = {27--43},
    volume = {34},
    publisher = {Elsevier B.V.},
    url = {http://dx.doi.org/10.1016/j.infoecopol.2016.01.003},
    isbn = {0044120259511},
    doi = {10.1016/j.infoecopol.2016.01.003},
    issn = {01676245},
    keywords = {Copyright, Digital music, Downloading, Streaming}
}

@article{Chaitin2005EpistemologyOmega,
    title = {{Epistemology as information theory: from Leibniz to Omega}},
    year = {2005},
    journal = {arXiv preprint math/0506552},
    author = {Chaitin, GJ},
    number = {June 2005},
    pages = {1--17},
    url = {http://arxiv.org/abs/math/0506552},
    isbn = {978-1-4438-0040-2},
    arxivId = {arXiv:math/0506552v2},
    archivePrefix = {arXiv},
    eprint = {0506552v2},
    primaryClass = {math}
}

@article{Goodman2016EU,
    title = {{EU regulations on algorithmic decision-making and a " right to explanation "}},
    year = {2016},
    author = {Goodman, Bryce and Uk, Bryce and Flaxman, Seth},
    arxivId = {arXiv:1606.08813v1},
    keywords = {machine learning}
}

@article{FiveASL.pdf,
    title = {{Five Parameters of ASL.pdf}}
}

@article{DubeyFogComputing,
    title = {{Fog Data: Enhancing Telehealth Big Data Through Fog Computing}},
    author = {Dubey, Harishchandra and Yang, Jing and Constant, Nick and Amiri, Amir Mohammad and Yang, Qing and Makodiya, Kunal},
    doi = {10.1145/2818869.2818889},
    keywords = {Big Data, Body Area Network, Cyber-physical Systems, Edge Computing, Fog Computing, Internet of Things, Wearable Devices}
}

@article{LanoFormalisingPatterns,
    title = {{Formalising Design Patterns}},
    author = {Lano, K and Goldsack, S and Bicarregui, J}
}

@inproceedings{Simpson2015FormalisingAnalysis,
    title = {{Formalising responsibility modelling for automatic analysis}},
    year = {2015},
    booktitle = {Lecture Notes in Business Information Processing},
    author = {Simpson, Robbie and Storer, Tim},
    isbn = {9783319246253},
    doi = {10.1007/978-3-319-24626-0{\_}10},
    issn = {18651348}
}

@article{Marsh1994FormalisingConcept,
    title = {{Formalising Trust as a Computational Concept}},
    year = {1994},
    journal = {Computing},
    author = {Marsh, Stephen Paul},
    number = {April},
    pages = {184},
    volume = {Doctor of},
    isbn = {CSM-133},
    doi = {10.2165/00128413-199409230-00010}
}

@article{HubnerFromTrust,
    title = {{From cognitive trust theories to computational trust}},
    author = {H{\"{u}}bner, Jomi F and Lorini, Emiliano and Vercouter, Laurent and Herzig, Andreas}
}

@article{FromLanguages,
    title = {{From sound change to suppletion: case studies from Indo-European languages}}
}

@book{Brown2015Good-and-cheap,
    title = {{good-and-cheap}},
    year = {2015},
    author = {Brown, Leanne}
}

@book{Celko2014GraphDatabases,
    title = {{Graph Databases}},
    year = {2014},
    booktitle = {Joe Celkos Complete Guide to NoSQL},
    author = {Celko, Joe},
    pages = {27--46},
    url = {http://dx.doi.org/10.1016/B978-0-12-407192-6.00003-0},
    isbn = {9780124071926},
    doi = {10.1016/B978-0-12-407192-6.00003-0},
    keywords = {Gremlin, Kevin Bacon problem, Neo4j, SPARQL, graph theory}
}

@article{Ledesma2016HealthVisualization,
    title = {{Health Figures: An Open Source JavaScript Library for Health Data Visualization}},
    year = {2016},
    journal = {arXiv},
    author = {Ledesma, Andres and Nieminen, Hannu and Al-Musawi, Mohammed}
}

@book{CrollHemingwayJavascript,
    title = {{Hemingway Wrote Javascript}},
    author = {Croll, ANgus},
    isbn = {1010101010111}
}

@article{Oreilly2006High-LevelCognition,
    title = {{High-Level Cognition Biologically Based Computational Models of Biologically Based Computational Models of High-Level Cognition}},
    year = {2006},
    author = {O 'reilly, Randall C},
    volume = {91},
    url = {http://www.sciencemag.org/cgi/content/full/314/5796/91 http://www.sciencemag.org/cgi/content/full/314/5796/91{\#}otherarticles http://www.sciencemag.org/cgi/collection/neuroscience http://www.sciencemag.org/help/about/permissions.dtl},
    doi = {10.1126/science.1127242}
}

@article{MackayInformationAlgorithms,
    title = {{Information Theory, Inference, and Learning Algorithms}},
    author = {Mackay, David J C},
    url = {http://www.cambridge.org/0521642981 http://www.inference.phy.cam.ac.uk/mackay/itila/}
}

@article{Bainbridge1983IroniesAutomation,
    title = {{Ironies of automation}},
    year = {1983},
    journal = {Automatica},
    author = {Bainbridge, Lisanne},
    number = {6},
    pages = {775--779},
    volume = {19},
    isbn = {0005-1098},
    doi = {10.1016/0005-1098(83)90046-8},
    issn = {00051098},
    keywords = {Control engineering computer applications, man-machine systems, on-line operation, process control, system failure and recovery}
}

@article{Journal.pone.0149885,
    title = {{journal.pone.0149885}}
}

@book{Lipova2011LearnGood,
    title = {{Learn You a Haskell for Great Good!}},
    year = {2011},
    booktitle = {Learn You a Haskell for Great Good! A Beginner's Guide},
    author = {Lipova, Miran},
    pages = {400},
    url = {http://learnyouahaskell.com/},
    isbn = {9781593272838},
    doi = {10.1007/s13398-014-0173-7.2},
    issn = {1098-6596},
    pmid = {25246403},
    arxivId = {arXiv:1011.1669v3}
}

@book{VanBruggen2014LearningNeo4j,
    title = {{Learning Neo4j}},
    year = {2014},
    author = {Van Bruggen, Rik},
    publisher = {Packt Publishing Ltd.},
    address = {Birmingham},
    isbn = {978-1-84951-716-4}
}

@article{MEMEMACHINE.pdf,
    title = {{MEME MACHINE.pdf}}
}

@article{Dweck1986MotivationalLearning,
    title = {{Motivational Processes Affecting Learning}},
    year = {1986},
    journal = {American Psychologist},
    author = {Dweck, Carol}
}

@article{Shanahan2010MotivatorsUK,
    title = {{Motivators and enablers of SCOURing: A study of online piracy in the US and UK}},
    year = {2010},
    journal = {Journal of Business Research},
    author = {Shanahan, Kevin J. and Hyman, Michael R.},
    number = {9-10},
    pages = {1095--1102},
    volume = {63},
    publisher = {Elsevier B.V.},
    url = {http://dx.doi.org/10.1016/j.jbusres.2009.02.026},
    isbn = {01482963},
    doi = {10.1016/j.jbusres.2009.02.026},
    issn = {01482963},
    keywords = {Internet abilities, Legal remedies, Material unauthorized replications, Motivation, Sharing copyrighted}
}

@book{NoTitle,
    title = {{No Title}}
}

@book{PrOPt,
    title = {{O b j ect -o ri en t ed j a v a s cri pt}},
    author = {Pr, T H E and Of, Inciples},
    isbn = {9781593275402}
}

@book{FrankfurtOnBullshit,
    title = {{On Bullshit}},
    author = {Frankfurt, Harry},
    publisher = {Princeton Univerity}
}

@article{Esfandiari2001OnAcquisition,
    title = {{On how agents make friends: Mechanisms for trust acquisition}},
    year = {2001},
    journal = {Proceedings of the Fourth Workshop on Deception Fraud and Trust in Agent Societies Montreal Canada},
    author = {Esfandiari, Babak and Chandrasekharan, Sanjay},
    number = {19th of June},
    pages = {27--34},
    volume = {222},
    url = {http://citeseerx.ist.psu.edu/viewdoc/download?doi=10.1.1.11.4683{\&}amp;rep=rep1{\&}amp;type=pdf},
    doi = {10.1.1.11.4683},
    keywords = {Mechanisms for Trust}
}

@article{Drewes2010OnlyPlease,
    title = {{Only one Fitts' law formula please!}},
    year = {2010},
    journal = {Proceedings of the 28th of the international conference extended abstracts on Human factors in computing systems - CHI EA '10},
    author = {Drewes, Heiko},
    pages = {2813},
    url = {http://portal.acm.org/citation.cfm?doid=1753846.1753867},
    isbn = {9781605589305},
    doi = {10.1145/1753846.1753867},
    issn = {1605589306},
    keywords = {2, acm classification keywords, correlation, e, fitts, g, h5, information interfaces and presentation, law}
}

@article{Osr2007_rethinkingsoftwarestack,
    title = {{osr2007{\_}rethinkingsoftwarestack}}
}

@article{BessiPersonalityFacebook,
    title = {{Personality Traits and Echo Chambers on Facebook}},
    author = {Bessi, Alessandro}
}

@article{Baez2011PhysicsStone,
    title = {{Physics, topology, logic and computation: A Rosetta Stone}},
    year = {2011},
    journal = {Lecture Notes in Physics},
    author = {Baez, J. and Stay, M.},
    isbn = {9783642128202},
    doi = {10.1007/978-3-642-12821-9{\_}2},
    issn = {00758450},
    arxivId = {0903.0340}
}

@article{Peitz2006PiracyLiterature,
    title = {{Piracy of digital products: A critical review of the theoretical literature}},
    year = {2006},
    journal = {Information Economics and Policy},
    author = {Peitz, Martin and Waelbroeck, Patrick},
    number = {4},
    pages = {449--476},
    volume = {18},
    isbn = {0167-6245},
    doi = {10.1016/j.infoecopol.2006.06.005},
    issn = {01676245},
    keywords = {Copyright, IP protection, Information good, Internet, Music, Peer-to-peer, Piracy, Software}
}

@article{MnihPlayingLearning,
    title = {{Playing Atari with Deep Reinforcement Learning}},
    author = {Mnih, Volodymyr and Kavukcuoglu, Koray and Silver, David and Graves, Alex and Antonoglou, Ioannis and Wierstra, Daan and Riedmiller, Martin}
}

@article{Akulavicius2015PossibilitiesIndustry,
    title = {{Possibilities of digital piracy management in music records industry}},
    year = {2015},
    journal = {Transformations in Business and Economics},
    author = {Akulavicius, Marius and Bartkus, Edverdas Vaclovas},
    number = {1},
    pages = {236--250},
    volume = {14},
    doi = {10.1016/j.sbspro.2015.11.492},
    issn = {16484460},
    keywords = {Digital piracy, Digital piracy management, Music industry}
}

@article{CastelfranchiPrinciplesQuantification,
    title = {{Principles of Trust for MAS: Cognitive Anatomy, Social Importance, and Quantification}},
    author = {Castelfranchi, Cristiano and Falcone, Rino}
}

@article{HerzigProlegomenaReputation,
    title = {{Prolegomena for a logic of trust and reputation}},
    author = {Herzig, Andreas and Lorini, Emiliano and H{\"{u}}bner, Jomi F and Ben-Naim, Jonathan and Boissier, Olivier and Castelfranchi, Cristiano and Demolombe, Robert and Longin, Dominique and Perrussel, Laurent and Vercouter, Laurent}
}

@article{Edmondson1999PsychologicalTeams,
    title = {{Psychological Safety and Learning Behavior in Work Teams}},
    year = {1999},
    journal = {Administrative Science Quarterly},
    author = {Edmondson, Amy},
    number = {2},
    pages = {350--383},
    volume = {44},
    url = {http://www.jstor.org/stable/2666999}
}

@article{PopperQuantumObserver,
    title = {{Quantum Mechanics without "The Observer"}},
    author = {Popper, Karl R}
}

@article{LiRTML:LANGUAGE,
    title = {{RTML: A ROLE-BASED TRUST-MANAGEMENT MARKUP LANGUAGE}},
    author = {Li, Ninghui and Mitchell, John C and Winsborough, William H and Seamons, Kent E and Halcrow, Michael and Jacobson, Jared}
}

@article{Crawley2013SecondEdition,
    title = {{Second Edition}},
    year = {2013},
    author = {Crawley, Michael J},
    isbn = {9780470973929},
    doi = {10.1016/B978-0-12-374507-1.00050-9},
    issn = {0949-1775}
}

@article{Caliskan-IslamSemanticsBiases,
    title = {{Semantics derived automatically from language corpora necessarily contain human biases}},
    author = {Caliskan-Islam, Aylin and Bryson, Joanna J and Narayanan, Arvind}
}

@article{SimulatingFuzzing,
    title = {{Simulating Variance in Socio-Technical Behaviours using Executable Workflow Fuzzing}}
}

@article{CastelfranchiSocialApproach,
    title = {{Social Trust: A Cognitive Approach}},
    author = {Castelfranchi, Cristiano and Falcone, Rino}
}

@article{Fischer2011Socio-TechnicalSystems,
    title = {{Socio-Technical Systems}},
    year = {2011},
    journal = {International Journal of Sociotechnology and Knowledge Development},
    author = {Fischer, Gerhard and Herrmann, Thomas},
    number = {1},
    pages = {1--33},
    volume = {3},
    url = {http://services.igi-global.com/resolvedoi/resolve.aspx?doi=10.4018/jskd.2011010101},
    isbn = {2011010101},
    doi = {10.4018/jskd.2011010101},
    issn = {1941-6253},
    keywords = {collaboration, cultures of participation, evolutionary growth, knowledge management, meta-design, participatory design, reseeding model, semi-structured modeling, socio-, sts, technical systems}
}

@book{SolresolBook.pdf,
    title = {{solresol book.pdf}}
}

@article{Safner2013StealPiracy,
    title = {{Steal This Film , Get Taken Down ? A New Dataset on DMCA Takedowns and Movie Piracy}},
    year = {2013},
    author = {Safner, Ryan},
    keywords = {copyright, deterrence, file sharing, film industry, piracy}
}

@article{ChiangStoryLife,
    title = {{Story of Your Life}},
    author = {Chiang, Ted}
}

@article{AlfonsecaSuperintelligenceTheory,
    title = {{Superintelligence cannot be contained: Lessons from Computability Theory}},
    author = {Alfonseca, Manuel and Cebrian, Manuel and Anta, Antonio Fernandez and Coviello, Lorenzo and Abeliuk, Andres and Rahwan, Iyad}
}

@book{Fancher2014TheF,
    title = {{The Book of F{\#}}},
    year = {2014},
    author = {Fancher, Dave},
    isbn = {9781593275525}
}

@article{Dehnadi2006TheTitle,
    title = {{The camel has two humps (working title)}},
    year = {2006},
    author = {Dehnadi, Saeed and Bornat, Richard}
}

@article{Barham2012ThePeru,
    title = {{The Economic Sustainability of Certified Coffee: Recent Evidence from Mexico and Peru}},
    year = {2012},
    journal = {World Development},
    author = {Barham, Bradford L and Weber, Jeremy G},
    pages = {1269--1279},
    volume = {40},
    doi = {10.1016/j.worlddev.2011.11.005},
    keywords = {Fair Trade, Latin American, Mexico, Peru, certified coffee, organic, sustainability}
}

@article{Ruben2012ThePeru,
    title = {{The Impact of Fair Trade Certification for Coffee Farmers in Peru}},
    year = {2012},
    journal = {World Development},
    author = {Ruben, Ruerd and Fort, Ricardo},
    pages = {570--582},
    volume = {40},
    doi = {10.1016/j.worlddev.2011.07.030},
    keywords = {Fair Trade, Peru, coffee, impact, matching}
}

@book{Shotts2012TheIntroduction,
    title = {{The Linux command line - A complete introduction}},
    year = {2012},
    author = {Shotts, William E.},
    pages = {446},
    isbn = {1-59327-389-4}
}

@article{Popper1959TheDiscovery,
    title = {{The Logic of Scientific Discovery}},
    year = {1959},
    journal = {Physics Today},
    author = {Popper, Earl R.},
    isbn = {0203994620},
    doi = {10.1063/1.3060577},
    issn = {19450699},
    pmid = {91117208},
    arxivId = {arXiv:1011.1669v3}
}

@article{Popper1959TheDiscoveryb,
    title = {{The Logic of Scientific Discovery}},
    year = {1959},
    journal = {Physics Today},
    author = {Popper, Earl R.},
    isbn = {0203994620},
    doi = {10.1063/1.3060577},
    issn = {19450699},
    pmid = {91117208},
    arxivId = {arXiv:1011.1669v3}
}

@article{McknightTHETRUST,
    title = {{THE MEANINGS OF TRUST}},
    author = {Mcknight, D Harrison and Chervany, Norman L}
}

@book{Alexander1979TheBuilding,
    title = {{The Timeless Way of Building}},
    year = {1979},
    booktitle = {New York Oxford University Press},
    author = {Alexander, Christopher},
    pages = {552},
    isbn = {0195024028},
    doi = {10.1080/00918360802623131},
    issn = {15403602},
    pmid = {3653177}
}

@book{Concepts1995ThinkProgrammer,
    title = {{Think Like A Programmer}},
    year = {1995},
    author = {Concepts, Key},
    pages = {72--75},
    isbn = {9781593274245}
}

@article{GarmanThisIMessage,
    title = {{This paper is included in the Proceedings of the 25th USENIX Security Symposium Dancing on the Lip of the Volcano: Chosen Ciphertext Attacks on Apple iMessage Dancing on the Lip of the Volcano: Chosen Ciphertext Attacks on Apple iMessage}},
    author = {Garman, Christina and Green, Matthew and Kaptchuk, Gabriel and Miers, Ian and Rushanan, Michael},
    url = {https://www.usenix.org/conference/usenixsecurity16/technical-sessions/presentation/garman},
    isbn = {978-1-931971-32-4}
}

@article{ValzahTopicsMessaging,
    title = {{Topics in High-Performance Messaging}},
    author = {Valzah, Robert A Van and Montgomery, Todd L and Bowden, Eric}
}

@article{Sabater-Mir2006TowardsModels,
    title = {{Towards the next generation of computational trust and reputation models}},
    year = {2006},
    journal = {Lecture Notes in Computer Science (including subseries Lecture Notes in Artificial Intelligence and Lecture Notes in Bioinformatics)},
    author = {Sabater-Mir, Jordi},
    pages = {19--21},
    volume = {3885 LNAI},
    isbn = {3540327800},
    doi = {10.1007/11681960{\_}4},
    issn = {03029743}
}

@article{ZachariaTRUSTMECHANISMS,
    title = {{TRUST MANAGEMENT THROUGH REPUTATION MECHANISMS}},
    author = {Zacharia, Giorgos and Maes, Pattie}
}

@book{AtWAt,
    title = {{W r i t e g r e at}},
    author = {At, W R I T E G R E},
    volume = {2},
    isbn = {1593270038}
}

@article{Lasker1947WhatSchrodinger,
    title = {{What is life? The physical aspect of the living cell. Erwin Schr{\"{o}}dinger}},
    year = {1947},
    journal = {American Journal of Physical Anthropology},
    author = {Lasker, Gabriel W.},
    number = {1},
    pages = {103--104},
    volume = {5},
    url = {http://books.google.com/books?hl=en{\&}lr={\&}id=VwsRNzrcCf4C{\&}oi=fnd{\&}pg=PR7{\&}dq=What+Is+Life?{\&}ots=5HABBa0tNY{\&}sig=9ZP7tNSDLTPRTojov{\_}VQxV2evxs{\textbackslash}nhttp://doi.wiley.com/10.1002/ajpa.1330050116},
    isbn = {0-521-42708-8},
    doi = {10.1002/ajpa.1330050116},
    issn = {0002-9483},
    pmid = {6932733}
}

@article{WooLam92c,
    title = {{WooLam92c}}
}

@book{Co-investigator2013Write1,
    title = {{Write Great Code - Volume 1}},
    year = {2013},
    booktitle = {Journal of Chemical Information and Modeling},
    author = {Co-investigator, New},
    pages = {1689--1699},
    volume = {53},
    isbn = {9788578110796},
    doi = {10.1017/CBO9781107415324.004},
    issn = {1098-6596},
    pmid = {25246403},
    arxivId = {arXiv:1011.1669v3},
    keywords = {icle}
}

@misc{Xkcdvolume0_Preview.Pdf,
    title = {{Xkcdvolume0{\_}Preview.Pdf}}
}