@article{testcite,
  year=2017,
  author={Tom Wallis},
  title={This is a test}
}

@article{storer_mobile_behaviour_poster,
  year=2020,
  title={FIND THIS FIND THIS},
  author={Tim Storer, Karen Renauld, Verify This}
}

@unpublished{wallis_talk_about_x_talk,
  title= {talk title},
  author = {author names},
  year = {year},
  note= {conference name},
  URL= {url link to talk abstract if any},
}
